<?xml version="1.0" encoding="UTF-8"?><collection xmlns="http://www.loc.gov/MARC21/slim"><record><leader>00590nam--2200205-i-4500</leader><controlfield tag="001">000035476</controlfield><controlfield tag="002">20161230</controlfield><controlfield tag="005">20161230201040</controlfield><controlfield tag="008">060222s1000------------r-----000-0-rus-d</controlfield><datafield ind1=" " ind2=" " tag="040"><subfield code="a">IFIN-HH</subfield></datafield><datafield ind1=" " ind2=" " tag="041"><subfield code="a">rus</subfield></datafield><datafield ind1=" " ind2=" " tag="080"><subfield code="a">539.1.08</subfield></datafield><datafield ind1="1" ind2=" " tag="100"><subfield code="a">Stolz,Werner</subfield></datafield><datafield ind1="1" ind2="0" tag="245"><subfield code="a">Dozimetria ioniziruyusego izlucenia</subfield><subfield code="c">Werner stolz, reinhold bernhardt</subfield></datafield><datafield ind1=" " ind2=" " tag="260"><subfield code="a">Riga</subfield><subfield code="b">Zinathe</subfield><subfield code="c">1982</subfield></datafield><datafield ind1=" " ind2=" " tag="300"><subfield code="a">142P</subfield></datafield><datafield ind1=" " ind2=" " tag="500"><subfield code="a">Titlul Original In Limba Germana: Dosimetrie Ionisierender Strahlung</subfield></datafield><datafield ind1="1" ind2=" " tag="700"><subfield code="a">Bernhardt, Reinhold</subfield></datafield><datafield ind1=" " ind2=" " tag="852"><subfield code="a">71289</subfield><subfield code="c">539.1.07:539.1.08</subfield></datafield><datafield ind1=" " ind2=" " tag="CAT"><subfield code="a">Sys</subfield><subfield code="c">20111031</subfield><subfield code="h">121531</subfield></datafield></record></collection>